@book{KelPfePis04,
  added-at = {2011-08-17T16:08:47.000+0200},
  author = {Kellerer, H. and Pferschy, U. and Pisinger, D.},
  biburl = {https://www.bibsonomy.org/bibtex/28ae5708e7471c71352babe700683e656/pcbouman},
  interhash = {38bfc7e929e6b6a2577820f0444b8e96},
  intrahash = {8ae5708e7471c71352babe700683e656},
  keywords = {book knapsack problems},
  publisher = {Springer, Berlin, Germany},
  timestamp = {2011-08-18T09:10:27.000+0200},
  title = {Knapsack Problems},
  year = 2004
}

@inproceedings{dwork2008differential,
  title={Differential privacy: A survey of results},
  author={Dwork, Cynthia},
  booktitle={International conference on theory and applications of models of computation},
  pages={1--19},
  year={2008},
  organization={Springer}
}

@article{zhao2022survey,
  title={A survey on differential privacy for unstructured data content},
  author={Zhao, Ying and Chen, Jinjun},
  journal={ACM Computing Surveys (CSUR)},
  volume={54},
  number={10s},
  pages={1--28},
  year={2022},
  
  publisher={ACM New York, NY}
}

@article{ji2014differential,
  title={Differential privacy and machine learning: a survey and review},
  author={Ji, Zhanglong and Lipton, Zachary C and Elkan, Charles},
  journal={arXiv preprint arXiv:1412.7584},
  year={2014}
}


@article{hassan2019differential,
  title={Differential privacy techniques for cyber physical systems: a survey},
  author={Hassan, Muneeb Ul and Rehmani, Mubashir Husain and Chen, Jinjun},
  journal={IEEE Communications Surveys \& Tutorials},
  volume={22},
  number={1},
  pages={746--789},
  year={2019},
  publisher={IEEE}
}

@article{salkin1975knapsack,
  title={The knapsack problem: a survey},
  author={Salkin, Harvey M and De Kluyver, Cornelis A},
  journal={Naval Research Logistics Quarterly},
  volume={22},
  number={1},
  pages={127--144},
  year={1975},
  publisher={Wiley Online Library}
}

@article{mccormick2005submodular,
  title={Submodular function minimization},
  author={McCormick, S Thomas},
  journal={Handbooks in operations research and management science},
  volume={12},
  pages={321--391},
  year={2005},
  publisher={Elsevier}
}

@article{krause2014submodular,
  title={Submodular function maximization.},
  author={Krause, Andreas and Golovin, Daniel},
  journal={Tractability},
  volume={3},
  pages={71--104},
  year={2014}
}

@misc{AAADibek,
  doi = {10.48550/ARXIV.2105.04766},
  
  url = {https://arxiv.org/abs/2105.04766},
  
  author = {Ahmadi, Amir Ali and Dibek, Cemil and Hall, Georgina},
  
  keywords = {Optimization and Control (math.OC), Machine Learning (cs.LG), Algebraic Geometry (math.AG), FOS: Mathematics, FOS: Mathematics, FOS: Computer and information sciences, FOS: Computer and information sciences},
  
  title = {Sums of Separable and Quadratic Polynomials},
  
  publisher = {arXiv},
  
  year = {2021},
  
  copyright = {arXiv.org perpetual, non-exclusive license}
}


@misc{Alper,
  doi = {10.48550/ARXIV.1811.02655},
  
  url = {https://arxiv.org/abs/1811.02655},
  
  author = {Atamturk, Alper and Gomez, Andres and Han, Shaoning},
  
  keywords = {Machine Learning (stat.ML), Machine Learning (cs.LG), Signal Processing (eess.SP), FOS: Computer and information sciences, FOS: Computer and information sciences, FOS: Electrical engineering, electronic engineering, information engineering, FOS: Electrical engineering, electronic engineering, information engineering},
  
  title = {Sparse and Smooth Signal Estimation: Convexification of L0 Formulations},
  
  publisher = {arXiv},
  
  year = {2018},
  
  copyright = {arXiv.org perpetual, non-exclusive license}
}

@article{feng2013complementarity,
  title={Complementarity formulations of l0-norm optimization problems},
  author={Feng, Mingbin and Mitchell, John E and Pang, Jong-Shi and Shen, Xin and W{\"a}chter, Andreas},
  journal={Industrial Engineering and Management Sciences. Technical Report. Northwestern University, Evanston, IL, USA},
  volume={5},
  year={2013}
}

@incollection{blair1993introduction,
  title={An introduction to chordal graphs and clique trees},
  author={Blair, Jean RS and Peyton, Barry},
  booktitle={Graph theory and sparse matrix computation},
  pages={1--29},
  year={1993},
  publisher={Springer}
}