@book{KelPfePis04,
  added-at = {2011-08-17T16:08:47.000+0200},
  author = {Kellerer, H. and Pferschy, U. and Pisinger, D.},
  biburl = {https://www.bibsonomy.org/bibtex/28ae5708e7471c71352babe700683e656/pcbouman},
  interhash = {38bfc7e929e6b6a2577820f0444b8e96},
  intrahash = {8ae5708e7471c71352babe700683e656},
  keywords = {book knapsack problems},
  publisher = {Springer, Berlin, Germany},
  timestamp = {2011-08-18T09:10:27.000+0200},
  title = {Knapsack Problems},
  year = 2004
}

@inproceedings{dwork2008differential,
  title={Differential privacy: A survey of results},
  author={Dwork, Cynthia},
  booktitle={International conference on theory and applications of models of computation},
  pages={1--19},
  year={2008},
  organization={Springer}
}

@article{zhao2022survey,
  title={A survey on differential privacy for unstructured data content},
  author={Zhao, Ying and Chen, Jinjun},
  journal={ACM Computing Surveys (CSUR)},
  volume={54},
  number={10s},
  pages={1--28},
  year={2022},
  
  publisher={ACM New York, NY}
}


